<record><leader>00000cas a2200000 a 4500</leader><controlfield tag="001">13080144</controlfield><controlfield tag="008">860129d18811892couwr ne      0    0eng d</controlfield><datafield ind1=" " ind2=" " tag="010"><subfield code="a">sn 85067364 </subfield></datafield><datafield ind1=" " ind2=" " tag="040"><subfield code="a">KSH</subfield><subfield code="b">eng</subfield><subfield code="c">KSH</subfield><subfield code="d">NPT</subfield><subfield code="d">UNP</subfield><subfield code="d">CNQ</subfield><subfield code="d">OCL</subfield><subfield code="d">OCLCQ</subfield></datafield><datafield ind1=" " ind2=" " tag="042"><subfield code="a">msc</subfield></datafield><datafield ind1=" " ind2="4" tag="050"><subfield code="a">AN2.C6</subfield><subfield code="b">D87</subfield></datafield><datafield ind1="0" ind2=" " tag="130"><subfield code="a">Durango herald (Durango, Colo. : Weekly : 1881)</subfield></datafield><datafield ind1="1" ind2="0" tag="245"><subfield code="a">Durango herald.</subfield></datafield><datafield ind1="3" ind2="0" tag="246"><subfield code="a">Durango weekly herald</subfield></datafield><datafield ind1=" " ind2=" " tag="260"><subfield code="a">Durango, Colo. :</subfield><subfield code="b">J.L. &amp; G. Marsh</subfield></datafield><datafield ind1=" " ind2=" " tag="300"><subfield code="a">v.</subfield></datafield><datafield ind1=" " ind2=" " tag="310"><subfield code="a">Weekly</subfield></datafield><datafield ind1="1" ind2=" " tag="362"><subfield code="a">Began in 1881; ceased in 1892.</subfield></datafield><datafield ind1=" " ind2=" " tag="500"><subfield code="a">Sometimes published as: Durango weekly herald, &lt;Oct. 6-Dec. 22, 1883&gt;.</subfield></datafield><datafield ind1=" " ind2=" " tag="580"><subfield code="a">Daily eds.: Durango herald (Durango, Colo. : Daily : 1881), 1881-1886; Durango morning herald, 1886-1892.</subfield></datafield><datafield ind1=" " ind2=" " tag="580"><subfield code="a">Absorbed: Durango record (Durango, Colo. : Weekly), and added on the its numbering to its own.</subfield></datafield><datafield ind1=" " ind2=" " tag="580"><subfield code="a">Solid muldoon (Ouray, Colo.) moved to Durango in 1892 with new numbering to become Solid muldoon (Durango, Colo. : Weekly), and replaced Durango herald (Durango, Colo. : Weekly : 1881) as weekly ed. of Durango herald.</subfield></datafield><datafield ind1=" " ind2=" " tag="588"><subfield code="a">Description based on: Vol. 1, no. 2 (July 7, 1881).</subfield></datafield><datafield ind1=" " ind2=" " tag="752"><subfield code="a">United States</subfield><subfield code="b">Colorado</subfield><subfield code="c">La Plata</subfield><subfield code="d">Durango.</subfield></datafield><datafield ind1="1" ind2=" " tag="775"><subfield code="t">Durango herald (Durango, Colo. : Daily : 1881)</subfield><subfield code="w">(DLC)sn 86091271</subfield><subfield code="w">(OCoLC)11420510</subfield></datafield><datafield ind1="1" ind2=" " tag="775"><subfield code="t">Durango morning herald</subfield><subfield code="w">(DLC)sn 86063207</subfield><subfield code="w">(OCoLC)13147418</subfield></datafield><datafield ind1="1" ind2="5" tag="780"><subfield code="t">Durango record (Durango, Colo. : Weekly)</subfield><subfield code="w">(DLC)sn 86063200</subfield><subfield code="w">(OCoLC)13080263</subfield></datafield><datafield ind1="1" ind2="0" tag="785"><subfield code="t">Solid muldoon (Durango, Colo. : Weekly)</subfield><subfield code="w">(DLC)sn 86091268</subfield><subfield code="w">(OCoLC)13461490</subfield></datafield><datafield ind1="1" ind2=" " tag="787"><subfield code="t">Solid muldoon (Ouray, Colo.)</subfield><subfield code="w">(DLC)sn 82014810</subfield><subfield code="w">(OCoLC)8800997</subfield></datafield><datafield ind1="1" ind2=" " tag="029"><subfield code="a">AU@</subfield><subfield code="b">000022171973</subfield></datafield></record>